@other{imav,
	title={International Micro Air Vehicle Conference and Flight Competition \textsc{url}: \emph{http://www.imav2011.org/}},
	url={http://www.imav2011.org/}
}
